% SPDX-FileCopyrightText: Copyright (c) 2022 Yegor Bugayenko
% SPDX-License-Identifier: MIT

@misc{fiala2017computer,
  title={{Computer Science Papers in Web of Science: A Bibliometric Analysis}},
  author={Fiala, Dalibor and Tutoky, Gabriel},
  year={2017},
  organization={MDPI}
}

@misc{research2023,
  author = {Research},
  title = {{Best Computer Science Universities in the World}},
  howpublished = {\url{https://research.com/university-rankings/computer-science}},
  year = {2023},
  note = {[Online; accessed 10-03-2024]}
}
