@inproceedings{jiang2013will,
  author = {Jiang, Yujuan and Adams, Bram and German, Daniel M.},
  booktitle = {{Proceedings of the 10th Working Conference on Mining Software Repositories (MSR)}},
  organization = {IEEE},
  pages = {101--110},
  title = {{Will My Patch Make It? And How Fast? Case Study on the Linux Kernel}},
  year = {2013},
  doi = {10.1109/MSR.2013.6624016}
}

@inproceedings{sadowski2018modern,
  author = {Sadowski, Caitlin and S{\"o}derberg, Emma and Church, Luke and Sipko, Michal and Bacchelli, Alberto},
  booktitle = {{Proceedings of the 40th International Conference on Software Engineering: Software Engineering in Practice}},
  pages = {181--190},
  title = {{Modern Code Review: A Case Study at Google}},
  year = {2018},
  doi = {10.1145/3183519.3183525}
}

@inproceedings{egelman2020predicting,
  author = {Egelman, Carolyn D. and Murphy-Hill, Emerson and Kammer, Elizabeth and Hodges, Margaret Morrow and Green, Collin and Jaspan, Ciera and Lin, James},
  booktitle = {{Proceedings of the 42nd International Conference on Software Engineering}},
  pages = {174--185},
  title = {{Predicting Developers' Negative Feelings About Code Review}},
  year = {2020},
  doi = {10.1145/3377811.3380414}
}

@article{ortu2020you,
  author = {Ortu, Marco and Destefanis, Giuseppe and Graziotin, Daniel and Marchesi, Michele and Tonelli, Roberto},
  journal = {{IEEE Access}},
  pages = {110897--110907},
  publisher = {IEEE},
  title = {{How Do You Propose Your Code Changes? Empirical Analysis of Affect Metrics of Pull Requests on GitHub}},
  volume = {8},
  number = {1},
  year = {2020},
  doi = {10.1109/ACCESS.2020.3002663}
}

@inproceedings{czerwonka2015code,
  author = {Czerwonka, Jacek and Greiler, Michaela and Tilford, Jack},
  booktitle = {{Proceedings of the 37th International Conference on Software Engineering}},
  organization = {IEEE},
  pages = {27--28},
  title = {{Code Reviews Do Not Find Bugs: How the Current Code Review Best Practice Slows Us Down}},
  volume = {2},
  year = {2015},
  doi = {10.1109/ICSE.2015.131}
}


@misc{lenarduzzi2021does,
  author = {Lenarduzzi, Valentina and Nikkola, Vili and Saarim{\"a}ki, Nyyti and Taibi, Davide},
  publisher = {{Journal of Systems and Software}},
  pages = {110806},
  title = {{Does Code Quality Affect Pull Request Acceptance? An Empirical Study}},
  volume = {171},
  year = {2021},
}

@misc{reis2002overview,
  author = {Reis, Christian Robottom and de Mattos Fortes, Renata Pontin},
  publisher = {{Open Source Software Development Workshop}},
  title = {{An Overview of the Software Engineering Process and Tools in the Mozilla Project}},
  volume = {8},
  year = {2002},
}

@book{myers2012art,
  author = {Myers, Glenford J. and Badgett, Tom and Thomas, Todd M. and Sandler, Corey},
  publisher = {Wiley Online Library},
  title = {{The Art of Software Testing}},
  year = {2004},
  doi = {10.5555/2161638}
}

@article{ferreira2021shut,
  author = {Ferreira, Isabella and Cheng, Jinghui and Adams, Bram},
  journal = {{Proceedings of the ACM on Human-Computer Interaction}},
  number = {2},
  pages = {1--35},
  publisher = {ACM},
  title = {{The ``Shut the F** K Up'' Phenomenon: Characterizing Incivility in Open Source Code Review Discussions}},
  volume = {5},
  year = {2021},
  doi = {10.1145/3479497}
}
